@article{henkel_2021,
author = {Henkel, Andreas and Hese, Sören and Thiel, Christian},
year = {2021},
month = {01},
pages = {},
title = {Erhöhte Buchenmortalität im Nationalpark Hainich?}
}

@misc{20220610_dodge_measuring-the-carbon-intensity-of-ai-in-cloud-instances,
  doi = {10.48550/ARXIV.2206.05229},
  
  url = {https://arxiv.org/abs/2206.05229},
  
  author = {Dodge, Jesse and Prewitt, Taylor and Combes, Remi Tachet Des and Odmark, Erika and Schwartz, Roy and Strubell, Emma and Luccioni, Alexandra Sasha and Smith, Noah A. and DeCario, Nicole and Buchanan, Will},
  
  keywords = {Machine Learning (cs.LG), FOS: Computer and information sciences, FOS: Computer and information sciences},
  
  title = {Measuring the Carbon Intensity of AI in Cloud Instances},
  
  publisher = {arXiv},
  
  year = {2022},
  
  copyright = {Creative Commons Attribution 4.0 International}
}

@ARTICLE{9906068,  author={Esmorís, Alberto M. and Yermo, Miguel and Weiser, Hannah and Winiwarter, Lukas and Höfle, Bernhard and Rivera, Francisco F.},  journal={IEEE Access},   title={Virtual LiDAR Simulation as a High Performance Computing Challenge: Toward HPC HELIOS++},   year={2022},  volume={10},  number={},  pages={105052-105073},  doi={10.1109/ACCESS.2022.3211072}}

@misc{pointnet,
  doi = {10.48550/ARXIV.1612.00593},
  
  url = {https://arxiv.org/abs/1612.00593},
  
  author = {Qi, Charles R. and Su, Hao and Mo, Kaichun and Guibas, Leonidas J.},
  
  keywords = {Computer Vision and Pattern Recognition (cs.CV), FOS: Computer and information sciences, FOS: Computer and information sciences},
  
  title = {PointNet: Deep Learning on Point Sets for 3D Classification and Segmentation},
  
  publisher = {arXiv},
  
  year = {2016},
  
  copyright = {arXiv.org perpetual, non-exclusive license}
}

@article{white_2016_als-forest-inventory,
    author = {Joanne C. White and Nicholas C. Coops and Michael A. Wulder and Mikko Vastaranta and Thomas Hilker and Piotr Tompalski},
    title = {Remote Sensing Technologies for Enhancing Forest Inventories: A Review},
    journal = {Canadian Journal of Remote Sensing},
    volume = {42},
    number = {5},
    pages = {619-641},
    year  = {2016},
    publisher = {Taylor & Francis},
    doi = {10.1080/07038992.2016.1207484},

    note = {\url{https://doi.org/10.1080/07038992.2016.1207484}},
    eprint = {
    https://doi.org/10.1080/07038992.2016.1207484
    }

}


@misc{https://doi.org/10.48550/arxiv.1810.04805,
  doi = {10.48550/ARXIV.1810.04805},
  
  url = {https://arxiv.org/abs/1810.04805},
  
  author = {Devlin, Jacob and Chang, Ming-Wei and Lee, Kenton and Toutanova, Kristina},
  
  keywords = {Computation and Language (cs.CL), FOS: Computer and information sciences, FOS: Computer and information sciences},
  
  title = {BERT: Pre-training of Deep Bidirectional Transformers for Language Understanding},
  
  publisher = {arXiv},
  
  year = {2018},
  
  copyright = {arXiv.org perpetual, non-exclusive license}
}

