@article{schwartz_2019_greenai,
  author    = {Roy Schwartz and
               Jesse Dodge and
               Noah A. Smith and
               Oren Etzioni},
  title     = {Green {AI}},
  journal   = {CoRR},
  volume    = {abs/1907.10597},
  year      = {2019},
  url       = {http://arxiv.org/abs/1907.10597},
  eprinttype = {arXiv},
  eprint    = {1907.10597},
  timestamp = {Wed, 23 Dec 2020 10:13:20 +0100},
  biburl    = {https://dblp.org/rec/journals/corr/abs-1907-10597.bib},
  bibsource = {dblp computer science bibliography, https://dblp.org}
}

@misc{wiki:profiling,
   author = "Wikibooks",
   title = "Introduction to Software Engineering --- Wikibooks{,} The Free Textbook Project",
   year = "2018",
   url = "https://en.wikibooks.org/w/index.php?title=Introduction_to_Software_Engineering&oldid=3457910",
   note = "[Online; accessed 16-March-2023]"
 }

@misc{uba_2020_waldumbau,
    title = {{Angepasster Waldumbau}},
    author = {{Umweltbundesamt}},
    year = {2020},
    howpublished = {Available online: \url{https://www.umweltbundesamt.de/angepasster-waldumbau-0} (Accessed on: 22.02.2023)}
}

@misc{verma_2019_metrics-ml-benchmarking,
    title = {{METRICS FOR MACHINE LEARNING WORKLOAD BENCHMARKING}},
    author = {Snehil Verma and Ramesh Radhakrishnan},
    year = {2019},
    howpublished = {Available online: \url{https://snehilverma41.github.io/Metrics_ML_FastPath19.pdf} (Accessed on: 22.02.2023)}
}

@inproceedings{weber_1995_arbaro,
author = {Weber, Jason and Penn, Joseph},
title = {Creation and Rendering of Realistic Trees},
year = {1995},
isbn = {0897917014},
publisher = {Association for Computing Machinery},
address = {New York, NY, USA},
url = {https://doi.org/10.1145/218380.218427},
doi = {10.1145/218380.218427},
booktitle = {Proceedings of the 22nd Annual Conference on Computer Graphics and Interactive Techniques},
pages = {119–128},
numpages = {10},
series = {SIGGRAPH '95}
}

@article{henkel_2021,
author = {Henkel, Andreas and Hese, Sören and Thiel, Christian},
year = {2021},
month = {01},
pages = {},
title = {Erhöhte Buchenmortalität im Nationalpark Hainich?}
}

@misc{20220610_dodge_measuring-the-carbon-intensity-of-ai-in-cloud-instances,
  doi = {10.48550/ARXIV.2206.05229},
  
  url = {https://arxiv.org/abs/2206.05229},
  
  author = {Dodge, Jesse and Prewitt, Taylor and Combes, Remi Tachet Des and Odmark, Erika and Schwartz, Roy and Strubell, Emma and Luccioni, Alexandra Sasha and Smith, Noah A. and DeCario, Nicole and Buchanan, Will},
  
  keywords = {Machine Learning (cs.LG), FOS: Computer and information sciences, FOS: Computer and information sciences},
  
  title = {Measuring the Carbon Intensity of AI in Cloud Instances},
  
  publisher = {arXiv},
  
  year = {2022},
  
  copyright = {Creative Commons Attribution 4.0 International}
}

@ARTICLE{9906068,  author={Esmorís, Alberto M. and Yermo, Miguel and Weiser, Hannah and Winiwarter, Lukas and Höfle, Bernhard and Rivera, Francisco F.},  journal={IEEE Access},   title={Virtual LiDAR Simulation as a High Performance Computing Challenge: Toward HPC HELIOS++},   year={2022},  volume={10},  number={},  pages={105052-105073},  doi={10.1109/ACCESS.2022.3211072}}

@article{white_2016_als-forest-inventory,
    author = {Joanne C. White and Nicholas C. Coops and Michael A. Wulder and Mikko Vastaranta and Thomas Hilker and Piotr Tompalski},
    title = {Remote Sensing Technologies for Enhancing Forest Inventories: A Review},
    journal = {Canadian Journal of Remote Sensing},
    volume = {42},
    number = {5},
    pages = {619-641},
    year  = {2016},
    publisher = {Taylor & Francis},
    doi = {10.1080/07038992.2016.1207484},

    note = {\url{https://doi.org/10.1080/07038992.2016.1207484}},
    eprint = {
    https://doi.org/10.1080/07038992.2016.1207484
    }

}


@misc{https://doi.org/10.48550/arxiv.1810.04805,
  doi = {10.48550/ARXIV.1810.04805},
  
  url = {https://arxiv.org/abs/1810.04805},
  
  author = {Devlin, Jacob and Chang, Ming-Wei and Lee, Kenton and Toutanova, Kristina},
  
  keywords = {Computation and Language (cs.CL), FOS: Computer and information sciences, FOS: Computer and information sciences},
  
  title = {BERT: Pre-training of Deep Bidirectional Transformers for Language Understanding},
  
  publisher = {arXiv},
  
  year = {2018},
  
  copyright = {arXiv.org perpetual, non-exclusive license}
}


@Article{2021_krisanski_fsct,
AUTHOR = {Krisanski, Sean and Taskhiri, Mohammad Sadegh and Gonzalez Aracil, Susana and Herries, David and Turner, Paul},
TITLE = {Sensor Agnostic Semantic Segmentation of Structurally Diverse and Complex Forest Point Clouds Using Deep Learning},
JOURNAL = {Remote Sensing},
VOLUME = {13},
YEAR = {2021},
NUMBER = {8},
ARTICLE-NUMBER = {1413},
URL = {https://www.mdpi.com/2072-4292/13/8/1413},
ISSN = {2072-4292},
DOI = {10.3390/rs13081413}
}

@article{2017_qi_pointnet,
  author    = {Charles Ruizhongtai Qi and
               Hao Su and
               Kaichun Mo and
               Leonidas J. Guibas},
  title     = {PointNet: Deep Learning on Point Sets for 3D Classification and Segmentation},
  journal   = {CoRR},
  volume    = {abs/1612.00593},
  year      = {2016},
  url       = {http://arxiv.org/abs/1612.00593},
  eprinttype = {arXiv},
  eprint    = {1612.00593},
  timestamp = {Wed, 11 Nov 2020 08:48:10 +0100},
  biburl    = {https://dblp.org/rec/journals/corr/QiSMG16.bib},
  bibsource = {dblp computer science bibliography, https://dblp.org}
}



